2616 4602
12 30 241 80 -r'f

212 277 246 356 ll
593 275 861 354 PRAEFATIO.

207 465 253 547 ,in
289 453 520 560 expeditione
555 461 749 562 Congonnn
783 489 804 534 a
837 460 1020 536 Britannis
1047 481 1214 560 suscepta

216 593 456 674 Universitati
474 617 605 670 nostrae
618 619 653 670 et
671 595 841 670 omnihus
856 596 1043 670 botanices
1060 597 1216 668 cultori·

218 737 286 810 bus
312 750 456 830 ereptus
480 754 541 826 est,
566 759 673 833 qvem
690 710 855 833 ereptum
869 730 969 830 luget
984 729 1108 802 adhue
1121 729 1217 800 Uni-

218 867 366 944 versitas
399 893 485 940 cum
517 867 687 945 omnibus
717 868 906 946 literarum
928 862 1122 960 studiosis,
1154 866 1218 964 qvi

220 1001 342 1078 Floras
383 1000 562 1104 mysteriis
605 1029 680 1076 sese
716 998 854 1074 initiari
892 999 1065 1098 cupiunt,
1101 1021 1138 1072 et
1176 1026 1220 1071 eo

219 1135 334 1234 inagis
368 1113 506 1233 luget,
523 1163 598 1236 qvo
634 1161 743 1210 nemo
771 1131 945 1208 hacteuus
978 1135 1012 1206 ei
1036 1136 1221 1208 successit

223 1272 311 1358 Qvo
335 1267 540 1390 pauciores
553 1267 665 1369 igitur
687 1272 727 1344 in
742 1269 858 1371 patria
875 1292 954 1343 tum
969 1296 1021 1341 rer
1010 1268 1223 1341 herbariae

224 1413 373 1504 operatu
388 1379 577 1499 iravnbadt,
593 1431 636 1478 eo
655 1405 839 1477 lubentius
852 1403 1035 1493 constitui,
1054 1403 1222 1477 locoillo

224 1541 427 1642 longinquo
454 1565 523 1640 pro
548 1562 649 1640 parte
667 1537 777 1613 virili
793 1537 841 1610 ad
855 1536 1020 1611 studium
1033 1537 1128 1610 mihi
1141 1567 1226 1637 gra·

226 1676 409 1752 lissimum
427 1645 721 1774 promorendum
742 1670 866 1745 adniti.
901 1673 991 1746 Mox
1011 1699 1111 1768 vero,
1135 1699 1227 1747 cum

229 1815 283 1888 Ol
294 1815 354 1885 W
349 1815 421 1886 alt
404 1813 591 1906 lende‘rgit’
598 1809 1025 1906 floramLapponicam
1041 1807 1227 1895 (Berolini

226 1951 347 2028 1812)
376 1968 520 2017 meeum
549 1964 715 2042 portans,
747 1943 887 2040 plantas
914 1941 968 2014 ihi
995 1963 1228 2014 occurrentes

230 2079 390 2154 scrutari
399 2077 608 2176 inciperem,
623 2075 686 2150 vix
701 2077 781 2148 fieri
798 2103 902 2175 posse
925 2076 1160 2177 reperiebam,
1180 2099 1229 2151 ut

233 2212 419 2290 botuuices
442 2213 564 2288 cultor
579 2211 745 2285 celeriter
762 2205 946 2311 regionem
965 2212 1123 2313 aliqvam
1143 2238 1231 2310 per-

235 2373 370 2448 agrans,
398 2347 562 2448 qvamvis
590 2345 867 2442 oculatissimus,
887 2348 1092 2446 catalogum
1108 2347 1230 2419 omni-

234 2461 284 2556 tio
309 2481 490 2583 integrum
516 2481 682 2556 omnium
702 2480 755 2554 ihi
788 2481 1058 2556 occurrentium
1087 2481 1227 2584 plauta-

238 2645 332 2712 rum,
360 2615 560 2718 praesertim
581 2615 768 2690 minorum
790 2637 1116 2717 cryptogamarum,
1141 2640 1223 2688 con·

237 2750 395 2857 seribere
414 2749 540 2851 possit,
560 2765 776 2852 qvamqvam
795 2748 1041 2825 confitendum
1058 2773 1121 2845 est,
1139 2777 1229 2850 prae·

239 2884 380 2958 clarum
389 2885 489 2960 huuc
497 2895 694 2979 aucterem,
711 2885 796 2984 plus
813 2913 921 2987 qvam
938 2885 1134 2986 exspectari
1147 2911 1232 2985 pos·

240 3040 303 3112 set,
318 3019 452 3094 eximio
467 3018 582 3093 hocce
590 3040 624 3092 et
631 3017 768 3122 inclyto
786 3018 896 3121 opere
909 3021 1131 3120 praestitisse,
1144 3047 1232 3093 nam

240 3174 321 3225 ante
343 3179 428 3230 eum
449 3181 558 3228 nemo
573 3152 876 3251 Halogalandiam
892 3178 927 3229 et
939 3156 1168 3255 Lapponiam
1183 3153 1233 3226 ad

242 3309 420 3362 extremos
441 3315 554 3390 usqve
570 3315 694 3363 earum
714 3292 802 3362 fines
817 3310 891 3363 tam
906 3315 999 3390 saepe
1012 3280 1163 3365 tantisre
1181 3290 1235 3361 la·

241 3420 396 3495 boribus
413 3423 593 3497 obnoxius
610 3423 830 3523 peragravit:
856 3450 963 3498 nemo
982 3445 1063 3498 ante
1079 3450 1161 3522 eum
1180 3447 1236 3496 re·

242 3553 406 3651 gionum,
422 3558 554 3657 qvibus
570 3558 810 3657 gignerentur,
825 3579 991 3631 naturam
1000 3557 1236 3660 usqverespi-

245 3687 492 3788 ciensplantas
509 3691 731 3790 exploravit:
750 3718 859 3765 nemo
874 3694 1051 3768 botanicis
1070 3694 1234 3794 explora·

243 3824 358 3898 tiones
375 3823 540 3925 physicas
557 3825 656 3918 tales,
675 3826 798 3926 qvales
811 3850 895 3902 sunt
910 3827 1113 3904 altitudinis
1131 3855 1234 3901 mon·

242 3960 352 4057 tiu'm,
385 3959 574 4060 temperiei
602 3981 637 4035 et
674 3961 918 4062 vegetationis,
945 3959 1086 4062 adjecit.
1130 3962 1235 4040 Idem
