2616 4602
224 271 277 351 VI
607 225 929 391 ruarmo(

219 462 362 536 toribus
379 465 543 566 adscitas,
556 470 651 548 mihi
667 501 757 552 vcro
776 477 895 553 forma
912 495 1052 556 tantum
1069 473 1212 552 variare
1304 527 1305 532 ,

217 596 321 692 visas,
341 599 380 672 in
394 631 505 680 unam
522 607 657 709 redegi.
705 610 805 686 Atsi
821 608 1077 705 consideretur,
1097 635 1207 709 qvam

215 733 355 828 promti
376 737 453 813 sint
465 713 680 846 plerumirre
702 746 864 821 botanici
881 745 929 819 ad
946 743 1203 842 novasspecies
1304 720 1305 736 ἵ

216 864 433 966 condendas,
450 901 558 974 qvam
570 879 851 955 variiLichenes
867 902 1025 980 qvotqve
1035 877 1201 952 mutatio·

212 1025 274 1072 nes
291 1030 362 1101 pro
378 1028 505 1082 natura
521 1011 598 1085 loci
614 1035 650 1088 et
665 1036 768 1090 aetate
780 1015 942 1107 subeant,
961 1040 1028 1088 nec
1048 1039 1123 1086 non
1140 1009 1199 1082 dea

213 1134 426 1234 scriptiones
445 1168 498 1216 ex.
518 1174 570 1245 gr.
594 1145 649 1220 Ol.
665 1146 820 1222 Acharii
845 1149 1041 1232 maximam
1062 1168 1199 1247 partem

212 1266 364 1366 singulis
385 1274 607 1380 minutisqve
631 1281 891 1382 speciminibus
908 1269 959 1358 ¹ab
982 1285 1056 1358 alio
1082 1279 1197 1355 missis

208 1400 310 1475 nixas
323 1430 408 1502 esse,
431 1437 517 1486 cum
542 1413 585 1511 in
607 1414 701 1490 locis
719 1415 807 1513 ipsis
823 1417 1046 1517 multiplices
1067 1443 1198 1491 eorun-¹

210 1532 295 1610 dem
321 1544 490 1620 transitus
512 1548 719 1646 formasque
732 1546 901 1645 diversas,
923 1552 1055 1652 qvibus
1071 1577 1199 1624 occur«.

207 1695 299 1768 rant,
312 1676 474 1752 botanici
489 1707 563 1753 non
582 1682 867 1764 observaverint:
889 1684 1066 1774 rationem
1078 1710 1198 1764 meam

204 1810 402 1903 probatum
424 1813 472 1886 in·
492 1823 611 1914 spero,
641 1817 706 1916 qvi
729 1819 944 1906 confirmare
968 1818 1115 1917 possim,
1136 1843 1198 1890 me

203 1967 389 2043 nunquam
412 1947 483 2020 nisi
505 1949 772 2032 accuratissime
792 1950 852 2024 his
873 1953 1006 2051 plantis
1030 1951 1197 2050 explora÷
1305 1997 1306 2002 =

200 2075 256 2168 tis,
276 2080 469 2179 pluresqve
492 2108 558 2180 per
580 2111 692 2156 annos
716 2085 753 2156 in
769 2086 872 2178 iocis,
896 2085 1028 2186 qvibus
1047 2085 1196 2183 gignan-

116 2219 125 2241 ⁸
200 2230 272 2306 tur,
293 2215 501 2309 observatis,
527 2208 766 2290 mutationem
781 2217 890 2290 talem
908 2218 1114 2308 instituisset

300 2379 465 2474 Tractus,
487 2389 589 2481 cujus
603 2383 696 2458 intra
711 2387 799 2457 fines
815 2384 1081 2459 observationes
1098 2412 1190 2460 meae

195 2515 393 2611 praesertim
407 2516 509 2590 factae
530 2540 626 2612 sunt,
651 2539 703 2590 cst
730 2516 842 2615 region
854 2517 949 2590 circa
969 2518 1091 2594 sinum
1109 2521 1190 2596 Sal·

194 2650 386 2744 tensem,'*)
404 2645 571 2750 inprimis
586 2678 670 2755 pars
685 2649 811 2732 intima
822 2649 1006 2726 Saltdalen
1022 2651 1184 2752 dictast.)

199 2883 428 2904 m

209 3017 241 3084 ‘J
261 3019 419 3093 Peragravi
445 3021 567 3094 quidem
587 3023 771 3093 Lapponiam
791 3023 948 3089 Piteusem,
969 3025 1023 3079 red
1041 3029 1181 3096 celerius,

256 3138 344 3194 qvam
367 3133 401 3176 ut
421 3123 651 3192 perlustratione
668 3139 737 3180 mea
751 3123 913 3178 herbarum
929 3126 1031 3214 studio
1048 3132 1182 3198 multum

255 3225 439 3292 prodessem.
536 3282 538 3290 ¹

186 3355 235 3427 ”)
258 3359 318 3431 Qvi
348 3359 579 3428 descriptionem
609 3361 701 3427 huius
727 3359 857 3430 regionis
884 3360 1056 3414 uberiorem
1082 3364 1175 3432 cupit,

257 3459 482 3532 topographiam
506 3476 604 3516 meam
628 3461 1010 3532 physico-oeconomicam
1028 3463 1107 3516 Actis
1128 3479 1176 3518 re·

258 3561 313 3635 gie
333 3561 442 3623 societ.
468 3562 668 3617 Nidrosiensis
692 3557 759 3630 1826
778 3557 919 3614 insertam
938 3561 1037 3621 adeat.
1061 3563 1173 3622 Breres

255 3663 369 3734 aliqrot
388 3663 427 3716 de
448 3662 663 3734 Halogalandia
688 3661 722 3712 in
740 3672 850 3730 genere
870 3663 898 3722 δι
917 3661 1090 3729 praefectura
1105 3666 1173 3729 ejus

254 3763 380 3818 saltenti
397 3763 430 3816 in
448 3762 549 3834 specie
569 3733 776 3822 annotitiones
794 3741 938 3813 statisticie
956 3763 984 3815 δι
1001 3766 1172 3818 oeconomi.

169 3867 174 3876 '
254 3883 293 3923 te
312 3861 692 3932 ab.11.tr.ttoaenringe‚
711 3861 940 3928 tunciemporis
957 3862 1070 3929 iudice,
1090 3881 1168 3919 anno

258 3981 327 4040 1790
350 3949 524 4038 conscriptae
547 3960 747 4020 inveniuntur
763 3955 796 4008 iu
812 3961 994 4026 promtuaria
1012 3964 1169 4024 tranatico·
