2616 4602
165 261 204 338 x
542 197 849 332 ermanno(

266 447 416 524 Muscis
420 442 622 542 frondosis
638 465 710 516 una
724 465 810 534 cum
822 441 1071 540 hepaticis58
1081 467 1162 542 spe·⁸

165 585 236 658 cies
254 583 440 656 accessere.

267 759 494 848 Fungorum
515 775 688 825 numerus
704 755 775 848 547
800 747 987 849 speciebus
1016 770 1159 824 tantum

166 909 328 988 augetur,
355 905 397 958 ut
414 881 602 968 lichenum
630 913 827 959 numerum
849 909 1003 984 superet.
1042 885 1158 960 Haud
1273 932 1280 951 ·

88 1105 91 1110 ,
168 1022 280 1097 dubie
302 1021 425 1120 plures
454 1017 562 1092 etiam
596 1019 700 1120 fungi
731 1017 1025 1128 qvam'iichenes
1058 1043 1158 1121 post·
1273 1066 1278 1077 ·

165 1157 242 1246 hae¹
279 1151 456 1228 botanicis
496 1176 696 1228 occurrent.
748 1156 843 1229 Cum
879 1180 966 1230 vero
1000 1145 1156 1258 plurimi

165 1291 320 1369 minoris
349 1287 422 1362 sint
450 1288 624 1362 momenti
651 1292 685 1364 ¹et
706 1291 779 1367 vita
803 1290 1013 1366 brevissima
1029 1262 1156 1366 ‘fruan-

165 1449 237 1522 tur,
259 1424 521 1524 vegetationem
540 1449 614 1497 non
631 1399 805 1524 insignem
822 1422 973 1499 reddere
985 1445 1158 1524 possunt3

164 1587 277 1662 qnare
299 1557 505 1634 lichenihus
528 1556 656 1664 cedere
681 1585 742 1634 eos
768 1579 921 1658 oportet.

266 1735 472 1829 Algarum
487 1733 760 1830 aquaticarum
773 1731 821 1802 60
835 1727 970 1829 species
980 1756 1065 1804 ame
1072 1753 1159 1806 sunt

165 1869 351 1970 indagatae,
367 1891 522 1965 qvarum
531 1855 716 1970 pleraeque
731 1892 907 1967 aquarum
922 1863 1090 1940 dulcium
1102 1865 1158 1940 in·

165 2007 257 2081 colae
281 2023 374 2078 sunt.
400 2043 401 2046 ¹
430 1997 613 2074 Autumni
637 1975 788 2074 demum
809 1987 975 2100 tempore
990 2001 1097 2076 flacus
1119 2023 1157 2076 et

166 2139 237 2216 rivi
258 2141 304 2211 ab
330 2139 423 2237 aq'va
447 2133 563 2224 nivali
587 2155 623 2208 et
644 2135 781 2234 frigore
805 2135 1018 2244 liberantur,
1040 2135 1157 2212 itaut

166 2275 353 2347 Confervae
385 2269 425 2342 in
452 2269 540 2370 ipsis
572 2269 670 2342 nasei
695 2244 843 2375 possint.
891 2244 1072 2358 Sedaum
1098 2251 1156 2348 Cl.

102 2435 107 2456 ¹
165 2406 417 2506 Wahlenberg
438 2430 504 2505 per
527 2403 606 2477 haec
635 2404 716 2484 loca
744 2403 871 2478 itinera
894 2406 1047 2502 faceret,
1078 2403 1156 2481 hoe

164 2543 249 2617 anui
270 2565 412 2639 tempus
435 2566 511 2613 non
535 2537 761 2641 praestolatus
790 2563 858 2634 est,
885 2569 955 2641 qva
986 2567 1024 2615 re
1049 2541 1157 2616 haud

165 2676 277 2749 dubie
286 2677 491 2769 factumest,
510 2695 552 2749 ut
568 2695 641 2746 tam
652 2701 783 2772 paucas
790 2673 900 2774 Algas
911 2675 948 2748 in
963 2703 1054 2777 aqva
1070 2675 1157 2752 dul·

165 2811 199 2884 ei
221 2810 423 2920 habitantes
444 2831 630 2913 memoret.

189 2976 194 2988 ¹
264 2986 434 3058 Filicttm
446 3000 620 3052 numerus
635 3006 707 3052 una
723 2977 837 3054 modo
850 2951 1156 3084 specie'augetur.

262 3119 552 3220 Inundatarum
569 3113 704 3212 species
722 3135 852 3213 antea7
867 3117 1035 3216 fuerunt3
1052 3144 1154 3204 nunc

166 3255 187 3322 5
213 3247 356 3343 additae.

263 3373 611 3479 Hydrochitrt’dum
630 3381 747 3459 tribus
761 3387 993 3484 Nymphaeis
1012 3413 1086 3462 sese
1099 3413 1156 3460 as·

82 3495 86 3504 ¹
160 3519 274 3593 sociat
289 3523 506 3594 Stratioton.
1176 3511 1179 3518 ’

263 3656 581 3730 Calamariarum
613 3650 909 3752 Lapponicarum
948 3679 1153 3766 numerosae

161 3787 297 3889 species
311 3777 434 3870 adhue
451 3790 473 3858 8
487 3787 603 3882 novis,
618 3787 788 3884 omnibus
803 3809 922 3894 tamen
949 3791 1065 3868 rarius
1090 3818 1151 3866 oc·

164 3922 405 4024 currentibus,
423 3944 612 4022 augentur,
884 3917 887 3922 ⁵
