<?xml version="1.0" encoding="UTF-8"?>
<!DOCTYPE html PUBLIC "-//W3C//DTD XHTML 1.0 Transitional//EN"
    "http://www.w3.org/TR/xhtml1/DTD/xhtml1-transitional.dtd">
<html xmlns="http://www.w3.org/1999/xhtml" xml:lang="en" lang="en">
 <head>
  <title>
</title>
<meta http-equiv="Content-Type" content="text/html;charset=utf-8" />
  <meta name='ocr-system' content='tesseract 3.04.00' />
  <meta name='ocr-capabilities' content='ocr_page ocr_carea ocr_par ocr_line ocrx_word'/>
</head>
<body>
  <div class='ocr_page' id='page_1' title='image "./floralapponicae00sommgoog_0014.png"; bbox 0 0 2616 4602; ppageno 0'>
   <div class='ocr_carea' id='block_1_1' title="bbox 425 317 1080 438">
    <p class='ocr_par' dir='ltr' id='par_1_1' title="bbox 425 317 1080 438">
     <span class='ocr_line' id='line_1_1' title="bbox 425 317 1080 438; baseline 0.008 -37"><span class='ocrx_word' id='word_1_1' title='bbox 425 317 698 402; x_wconf 70' lang='lat' dir='ltr'><strong>manento.</strong></span> <span class='ocrx_word' id='word_1_2' title='bbox 1020 325 1080 438; x_wconf 17' lang='lat' dir='ltr'><strong>,v</strong></span> 
     </span>
    </p>
   </div>
   <div class='ocr_carea' id='block_1_2' title="bbox 64 502 1108 2242">
    <p class='ocr_par' dir='ltr' id='par_1_2' title="bbox 64 502 1108 2242">
     <span class='ocr_line' id='line_1_2' title="bbox 69 502 1080 616; baseline -0.001 -25"><span class='ocrx_word' id='word_1_3' title='bbox 69 510 296 591; x_wconf 76' lang='lat' dir='ltr'><strong>arriderent.</strong></span> <span class='ocrx_word' id='word_1_4' title='bbox 387 504 546 616; x_wconf 78' lang='lat' dir='ltr'><strong>¹Propter</strong></span> <span class='ocrx_word' id='word_1_5' title='bbox 575 533 719 588; x_wconf 83' lang='lat' dir='ltr'><strong>norum</strong></span> <span class='ocrx_word' id='word_1_6' title='bbox 755 502 992 590; x_wconf 84' lang='lat' dir='ltr'><strong>habitationis</strong></span> <span class='ocrx_word' id='word_1_7' title='bbox 1020 509 1080 589; x_wconf 78' lang='lat' dir='ltr'><strong>lo·</strong></span> 
     </span>
     <span class='ocr_line' id='line_1_3' title="bbox 72 643 1080 752; baseline 0 -30"><span class='ocrx_word' id='word_1_8' title='bbox 72 679 171 726; x_wconf 83' lang='lat' dir='ltr'><strong>cnm</strong></span> <span class='ocrx_word' id='word_1_9' title='bbox 200 649 365 751; x_wconf 83' lang='lat' dir='ltr'><strong>plantam</strong></span> <span class='ocrx_word' id='word_1_10' title='bbox 405 671 482 722; x_wconf 89' lang='lat' dir='ltr'><strong>non</strong></span> <span class='ocrx_word' id='word_1_11' title='bbox 514 643 714 742; x_wconf 57' lang='lat' dir='ltr'><strong>nominati,</strong></span> <span class='ocrx_word' id='word_1_12' title='bbox 751 643 943 752; x_wconf 70' lang='lat' dir='ltr'><strong>ulsinum</strong></span> <span class='ocrx_word' id='word_1_13' title='bbox 983 645 1080 726; x_wconf 85' lang='lat' dir='ltr'><strong>intra</strong></span> 
     </span>
     <span class='ocr_line' id='line_1_4' title="bbox 73 779 1082 884; baseline -0.002 -22"><span class='ocrx_word' id='word_1_14' title='bbox 73 788 174 862; x_wconf 86' lang='lat' dir='ltr'><strong>fines</strong></span> <span class='ocrx_word' id='word_1_15' title='bbox 193 782 387 883; x_wconf 70' lang='lat' dir='ltr'><strong>Nonagiae</strong></span> <span class='ocrx_word' id='word_1_16' title='bbox 410 780 594 884; x_wconf 85' lang='lat' dir='ltr'><strong>qvasdam,</strong></span> <span class='ocrx_word' id='word_1_17' title='bbox 624 802 727 856; x_wconf 85' lang='lat' dir='ltr'><strong>antea</strong></span> <span class='ocrx_word' id='word_1_18' title='bbox 751 779 889 858; x_wconf 78' lang='lat' dir='ltr'><strong>Sreoisc</strong></span> <span class='ocrx_word' id='word_1_19' title='bbox 912 783 1082 884; x_wconf 87' lang='lat' dir='ltr'><strong>proprias</strong></span> 
     </span>
     <span class='ocr_line' id='line_1_5' title="bbox 81 887 1104 1019; baseline 0 -25"><span class='ocrx_word' id='word_1_20' title='bbox 81 921 216 1016; x_wconf 84' lang='lat' dir='ltr'><strong>dictas,</strong></span> <span class='ocrx_word' id='word_1_21' title='bbox 237 919 354 997; x_wconf 85' lang='lat' dir='ltr'><strong>velia</strong></span> <span class='ocrx_word' id='word_1_22' title='bbox 373 916 498 1019; x_wconf 79' lang='lat' dir='ltr'><strong>paucis</strong></span> <span class='ocrx_word' id='word_1_23' title='bbox 516 939 658 994; x_wconf 89' lang='lat' dir='ltr'><strong>tantum</strong></span> <span class='ocrx_word' id='word_1_24' title='bbox 679 887 771 992; x_wconf 88' lang='lat' dir='ltr'><strong>locis</strong></span> <span class='ocrx_word' id='word_1_25' title='bbox 796 918 916 1012; x_wconf 87' lang='lat' dir='ltr'><strong>lectas,</strong></span> <span class='ocrx_word' id='word_1_26' title='bbox 943 917 1104 994; x_wconf 66' lang='lat' dir='ltr'><strong>inveni·⁴</strong></span> 
     </span>
     <span class='ocr_line' id='line_1_6' title="bbox 89 1053 1082 1156; baseline 0.003 -25"><span class='ocrx_word' id='word_1_27' title='bbox 89 1081 179 1131; x_wconf 87' lang='lat' dir='ltr'><strong>rem.</strong></span> <span class='ocrx_word' id='word_1_28' title='bbox 246 1054 464 1151; x_wconf 75' lang='lat' dir='ltr'><strong>Nonnullae,</strong></span> <span class='ocrx_word' id='word_1_29' title='bbox 495 1079 583 1156; x_wconf 88' lang='lat' dir='ltr'><strong>qvas</strong></span> <span class='ocrx_word' id='word_1_30' title='bbox 613 1080 690 1128; x_wconf 88' lang='lat' dir='ltr'><strong>non</strong></span> <span class='ocrx_word' id='word_1_31' title='bbox 729 1053 881 1128; x_wconf 90' lang='lat' dir='ltr'><strong>omnino</strong></span> <span class='ocrx_word' id='word_1_32' title='bbox 913 1076 1082 1134; x_wconf 82' lang='lat' dir='ltr'><strong>accurate</strong></span> 
     </span>
     <span class='ocr_line' id='line_1_7' title="bbox 90 1165 1083 1292; baseline 0.003 -28"><span class='ocrx_word' id='word_1_33' title='bbox 90 1215 311 1292; x_wconf 81' lang='lat' dir='ltr'><strong>cognoscere</strong></span> <span class='ocrx_word' id='word_1_34' title='bbox 332 1189 450 1290; x_wconf 80' lang='lat' dir='ltr'><strong>potui,</strong></span> <span class='ocrx_word' id='word_1_35' title='bbox 476 1165 642 1265; x_wconf 80' lang='lat' dir='ltr'><strong>omittere</strong></span> <span class='ocrx_word' id='word_1_36' title='bbox 667 1215 777 1290; x_wconf 84' lang='lat' dir='ltr'><strong>qvam</strong></span> <span class='ocrx_word' id='word_1_37' title='bbox 799 1187 929 1264; x_wconf 80' lang='lat' dir='ltr'><strong>dubias</strong></span> <span class='ocrx_word' id='word_1_38' title='bbox 952 1193 1083 1268; x_wconf 84' lang='lat' dir='ltr'><strong>afferre</strong></span> 
     </span>
     <span class='ocr_line' id='line_1_8' title="bbox 85 1323 1085 1426; baseline 0 -24"><span class='ocrx_word' id='word_1_39' title='bbox 85 1327 217 1402; x_wconf 84' lang='lat' dir='ltr'><strong>malui.</strong></span> <span class='ocrx_word' id='word_1_40' title='bbox 268 1325 388 1400; x_wconf 89' lang='lat' dir='ltr'><strong>Erunt</strong></span> <span class='ocrx_word' id='word_1_41' title='bbox 408 1325 514 1419; x_wconf 83' lang='lat' dir='ltr'><strong>forte,</strong></span> <span class='ocrx_word' id='word_1_42' title='bbox 539 1324 602 1425; x_wconf 90' lang='lat' dir='ltr'><strong>qvi</strong></span> <span class='ocrx_word' id='word_1_43' title='bbox 625 1335 765 1424; x_wconf 77' lang='lat' dir='ltr'><strong>putent,</strong></span> <span class='ocrx_word' id='word_1_44' title='bbox 790 1323 976 1399; x_wconf 91' lang='lat' dir='ltr'><strong>menimis</strong></span> <span class='ocrx_word' id='word_1_45' title='bbox 994 1353 1085 1426; x_wconf 90' lang='lat' dir='ltr'><strong>pau·</strong></span> 
     </span>
     <span class='ocr_line' id='line_1_9' title="bbox 87 1457 1086 1559; baseline 0.001 -23"><span class='ocrx_word' id='word_1_46' title='bbox 87 1487 153 1536; x_wconf 88' lang='lat' dir='ltr'><strong>cos</strong></span> <span class='ocrx_word' id='word_1_47' title='bbox 177 1483 342 1536; x_wconf 80' lang='lat' dir='ltr'><strong>auctores</strong></span> <span class='ocrx_word' id='word_1_48' title='bbox 372 1458 554 1554; x_wconf 80' lang='lat' dir='ltr'><strong>laudasse,</strong></span> <span class='ocrx_word' id='word_1_49' title='bbox 580 1457 646 1531; x_wconf 88' lang='lat' dir='ltr'><strong>sed</strong></span> <span class='ocrx_word' id='word_1_50' title='bbox 669 1482 749 1532; x_wconf 85' lang='lat' dir='ltr'><strong>eam</strong></span> <span class='ocrx_word' id='word_1_51' title='bbox 769 1459 886 1559; x_wconf 81' lang='lat' dir='ltr'><strong>legem</strong></span> <span class='ocrx_word' id='word_1_52' title='bbox 909 1459 1005 1535; x_wconf 89' lang='lat' dir='ltr'><strong>mibi</strong></span> <span class='ocrx_word' id='word_1_53' title='bbox 1030 1463 1086 1537; x_wconf 82' lang='lat' dir='ltr'><strong>in·</strong></span> 
     </span>
     <span class='ocr_line' id='line_1_10' title="bbox 91 1581 1108 1697; baseline 0.004 -28"><span class='ocrx_word' id='word_1_54' title='bbox 91 1593 211 1696; x_wconf 70' lang='lat' dir='ltr'><strong>jemai,</strong></span> <span class='ocrx_word' id='word_1_55' title='bbox 230 1591 719 1690; x_wconf 83' lang='lat' dir='ltr'><strong>uteossnlumnominarem,</strong></span> <span class='ocrx_word' id='word_1_56' title='bbox 737 1591 1085 1697; x_wconf 82' lang='lat' dir='ltr'><strong>qvoseasdem,qvas</strong></span> <span class='ocrx_word' id='word_1_57' title='bbox 1106 1581 1108 1590; x_wconf 48' lang='grc'>’</span> 
     </span>
     <span class='ocr_line' id='line_1_11' title="bbox 64 1721 1087 1832; baseline 0.002 -28"><span class='ocrx_word' id='word_1_58' title='bbox 64 1721 67 1738; x_wconf 82' lang='lat'>&#39;</span> <span class='ocrx_word' id='word_1_59' title='bbox 93 1728 183 1832; x_wconf 85' lang='lat' dir='ltr'><strong>ipse,</strong></span> <span class='ocrx_word' id='word_1_60' title='bbox 221 1729 361 1832; x_wconf 89' lang='lat' dir='ltr'><strong>plantas</strong></span> <span class='ocrx_word' id='word_1_61' title='bbox 385 1729 589 1806; x_wconf 84' lang='lat' dir='ltr'><strong>describere</strong></span> <span class='ocrx_word' id='word_1_62' title='bbox 614 1727 711 1806; x_wconf 89' lang='lat' dir='ltr'><strong>mihi</strong></span> <span class='ocrx_word' id='word_1_63' title='bbox 740 1725 949 1832; x_wconf 86' lang='lat' dir='ltr'><strong>persvasum</strong></span> <span class='ocrx_word' id='word_1_64' title='bbox 974 1729 1087 1806; x_wconf 77' lang='lat' dir='ltr'><strong>habe·</strong></span> 
     </span>
     <span class='ocr_line' id='line_1_12' title="bbox 95 1862 1085 1968; baseline 0.003 -28"><span class='ocrx_word' id='word_1_65' title='bbox 95 1891 183 1940; x_wconf 81' lang='lat' dir='ltr'><strong>rem.</strong></span> <span class='ocrx_word' id='word_1_66' title='bbox 205 1863 315 1940; x_wconf 85' lang='lat' dir='ltr'><strong>Alios</strong></span> <span class='ocrx_word' id='word_1_67' title='bbox 330 1862 444 1942; x_wconf 90' lang='lat' dir='ltr'><strong>modo</strong></span> <span class='ocrx_word' id='word_1_68' title='bbox 457 1862 616 1962; x_wconf 82' lang='lat' dir='ltr'><strong>laudavi,</strong></span> <span class='ocrx_word' id='word_1_69' title='bbox 631 1891 718 1940; x_wconf 88' lang='lat' dir='ltr'><strong>eum</strong></span> <span class='ocrx_word' id='word_1_70' title='bbox 731 1865 803 1940; x_wconf 83' lang='lat' dir='ltr'><strong>alin</strong></span> <span class='ocrx_word' id='word_1_71' title='bbox 817 1864 1085 1968; x_wconf 80' lang='lat' dir='ltr'><strong>qvaedamrntio</strong></span> 
     </span>
     <span class='ocr_line' id='line_1_13' title="bbox 95 1997 1089 2104; baseline 0.003 -29"><span class='ocrx_word' id='word_1_72' title='bbox 95 2025 149 2075; x_wconf 70' lang='lat' dir='ltr'><strong>en</strong></span> <span class='ocrx_word' id='word_1_73' title='bbox 159 2029 211 2102; x_wconf 82' lang='lat' dir='ltr'><strong>gr.</strong></span> <span class='ocrx_word' id='word_1_74' title='bbox 219 1997 461 2102; x_wconf 80' lang='lat' dir='ltr'><strong>geographica</strong></span> <span class='ocrx_word' id='word_1_75' title='bbox 471 2001 684 2103; x_wconf 79' lang='lat' dir='ltr'><strong>postularet,</strong></span> <span class='ocrx_word' id='word_1_76' title='bbox 704 2000 741 2077; x_wconf 87' lang='lat'>&amp;</span> <span class='ocrx_word' id='word_1_77' title='bbox 756 2022 837 2076; x_wconf 90' lang='lat' dir='ltr'><strong>tum</strong></span> <span class='ocrx_word' id='word_1_78' title='bbox 851 2001 971 2098; x_wconf 85' lang='lat' dir='ltr'><strong>etiam,</strong></span> <span class='ocrx_word' id='word_1_79' title='bbox 997 2027 1089 2104; x_wconf 83' lang='lat' dir='ltr'><strong>qvo·</strong></span> 
     </span>
     <span class='ocr_line' id='line_1_14' title="bbox 97 2135 1087 2242; baseline -0.001 -31"><span class='ocrx_word' id='word_1_80' title='bbox 97 2165 181 2211; x_wconf 88' lang='lat' dir='ltr'><strong>rum</strong></span> <span class='ocrx_word' id='word_1_81' title='bbox 201 2135 415 2210; x_wconf 85' lang='lat' dir='ltr'><strong>auctoritate</strong></span> <span class='ocrx_word' id='word_1_82' title='bbox 435 2135 542 2212; x_wconf 87' lang='lat' dir='ltr'><strong>nixus</strong></span> <span class='ocrx_word' id='word_1_83' title='bbox 565 2136 646 2234; x_wconf 91' lang='lat' dir='ltr'><strong>sim,</strong></span> <span class='ocrx_word' id='word_1_84' title='bbox 670 2135 796 2237; x_wconf 81' lang='lat' dir='ltr'><strong>adjeci.</strong></span> <span class='ocrx_word' id='word_1_85' title='bbox 857 2135 1087 2242; x_wconf 70' lang='lat' dir='ltr'><strong>synonymis,</strong></span> 
     </span>
    </p>
   </div>
   <div class='ocr_carea' id='block_1_3' title="bbox 98 2269 1091 2754">
    <p class='ocr_par' dir='ltr' id='par_1_3' title="bbox 98 2269 1091 2754">
     <span class='ocr_line' id='line_1_15' title="bbox 98 2269 1089 2372; baseline 0 -28"><span class='ocrx_word' id='word_1_86' title='bbox 98 2294 177 2372; x_wconf 71' lang='lat' dir='ltr'><strong>qvae</strong></span> <span class='ocrx_word' id='word_1_87' title='bbox 199 2295 220 2344; x_wconf 93' lang='lat' dir='ltr'><strong>e</strong></span> <span class='ocrx_word' id='word_1_88' title='bbox 241 2269 347 2344; x_wconf 89' lang='lat' dir='ltr'><strong>libris</strong></span> <span class='ocrx_word' id='word_1_89' title='bbox 370 2270 530 2346; x_wconf 88' lang='lat' dir='ltr'><strong>aliorum</strong></span> <span class='ocrx_word' id='word_1_90' title='bbox 554 2272 827 2368; x_wconf 83' lang='lat' dir='ltr'><strong>exscribuntur,</strong></span> <span class='ocrx_word' id='word_1_91' title='bbox 851 2295 994 2371; x_wconf 79' lang='lat' dir='ltr'><strong>semper</strong></span> <span class='ocrx_word' id='word_1_92' title='bbox 1022 2269 1089 2344; x_wconf 88' lang='lat' dir='ltr'><strong>ali·</strong></span> 
     </span>
     <span class='ocr_line' id='line_1_16' title="bbox 100 2385 1091 2506; baseline 0.001 -28"><span class='ocrx_word' id='word_1_93' title='bbox 100 2403 189 2506; x_wconf 64' lang='lat' dir='ltr'><strong>qvia</strong></span> <span class='ocrx_word' id='word_1_94' title='bbox 223 2404 353 2481; x_wconf 66' lang='lat' dir='ltr'><strong>incest</strong></span> <span class='ocrx_word' id='word_1_95' title='bbox 372 2405 541 2482; x_wconf 64' lang='lat' dir='ltr'><strong>adheret</strong></span> <span class='ocrx_word' id='word_1_96' title='bbox 565 2406 673 2482; x_wconf 69' lang='lat' dir='ltr'><strong>tus</strong></span> <span class='ocrx_word' id='word_1_97' title='bbox 686 2407 861 2484; x_wconf 76' lang='lat' dir='ltr'><strong>volumen</strong></span> <span class='ocrx_word' id='word_1_98' title='bbox 881 2406 932 2484; x_wconf 75' lang='lat' dir='ltr'><strong>ets</strong></span> <span class='ocrx_word' id='word_1_99' title='bbox 951 2385 1091 2480; x_wconf 59' lang='lat' dir='ltr'><strong>unium</strong></span> 
     </span>
     <span class='ocr_line' id='line_1_17' title="bbox 103 2537 1089 2643; baseline 0.003 -29"><span class='ocrx_word' id='word_1_100' title='bbox 103 2539 238 2614; x_wconf 81' lang='lat' dir='ltr'><strong>crescit</strong></span> <span class='ocrx_word' id='word_1_101' title='bbox 274 2540 316 2616; x_wconf 84' lang='lat' dir='ltr'><strong>Si</strong></span> <span class='ocrx_word' id='word_1_102' title='bbox 335 2540 414 2642; x_wconf 87' lang='lat' dir='ltr'><strong>qvis</strong></span> <span class='ocrx_word' id='word_1_103' title='bbox 438 2541 484 2617; x_wconf 89' lang='lat' dir='ltr'><strong>de</strong></span> <span class='ocrx_word' id='word_1_104' title='bbox 503 2542 561 2618; x_wconf 88' lang='lat' dir='ltr'><strong>bis</strong></span> <span class='ocrx_word' id='word_1_105' title='bbox 586 2540 733 2620; x_wconf 89' lang='lat' dir='ltr'><strong>edoceri</strong></span> <span class='ocrx_word' id='word_1_106' title='bbox 759 2542 893 2643; x_wconf 87' lang='lat' dir='ltr'><strong>cupiat,</strong></span> <span class='ocrx_word' id='word_1_107' title='bbox 922 2569 963 2618; x_wconf 86' lang='lat' dir='ltr'><strong>sa</strong></span> <span class='ocrx_word' id='word_1_108' title='bbox 988 2537 1089 2642; x_wconf 87' lang='lat' dir='ltr'><strong>apud</strong></span> 
     </span>
     <span class='ocr_line' id='line_1_18' title="bbox 99 2676 1090 2754; baseline 0.004 -4"><span class='ocrx_word' id='word_1_109' title='bbox 99 2699 266 2752; x_wconf 86' lang='lat' dir='ltr'><strong>auctores</strong></span> <span class='ocrx_word' id='word_1_110' title='bbox 289 2703 310 2750; x_wconf 91' lang='lat' dir='ltr'><strong>a</strong></span> <span class='ocrx_word' id='word_1_111' title='bbox 337 2704 396 2752; x_wconf 92' lang='lat' dir='ltr'><strong>me</strong></span> <span class='ocrx_word' id='word_1_112' title='bbox 412 2676 579 2754; x_wconf 82' lang='lat' dir='ltr'><strong>laudatos</strong></span> <span class='ocrx_word' id='word_1_113' title='bbox 593 2676 776 2754; x_wconf 74' lang='lat' dir='ltr'><strong>invenict-</strong></span> <span class='ocrx_word' id='word_1_114' title='bbox 792 2678 847 2752; x_wconf 92' lang='lat' dir='ltr'><strong>Ut</strong></span> <span class='ocrx_word' id='word_1_115' title='bbox 864 2679 1015 2752; x_wconf 88' lang='lat' dir='ltr'><strong>lectores</strong></span> <span class='ocrx_word' id='word_1_116' title='bbox 1031 2703 1090 2754; x_wconf 90' lang='lat' dir='ltr'><strong>me</strong></span> 
     </span>
    </p>
   </div>
   <div class='ocr_carea' id='block_1_4' title="bbox 104 2809 1092 2911">
    <p class='ocr_par' dir='ltr' id='par_1_4' title="bbox 104 2809 1092 2911">
     <span class='ocr_line' id='line_1_19' title="bbox 104 2809 1092 2911; baseline -0.001 -26"><span class='ocrx_word' id='word_1_117' title='bbox 104 2834 282 2906; x_wconf 84' lang='lat' dir='ltr'><strong>excusent,</strong></span> <span class='ocrx_word' id='word_1_118' title='bbox 298 2809 399 2911; x_wconf 92' lang='lat' dir='ltr'><strong>qvod</strong></span> <span class='ocrx_word' id='word_1_119' title='bbox 415 2839 491 2886; x_wconf 90' lang='lat' dir='ltr'><strong>non</strong></span> <span class='ocrx_word' id='word_1_120' title='bbox 505 2812 675 2887; x_wconf 88' lang='lat' dir='ltr'><strong>omnibus</strong></span> <span class='ocrx_word' id='word_1_121' title='bbox 690 2811 951 2897; x_wconf 82' lang='lat' dir='ltr'><strong>recentioribus</strong></span> <span class='ocrx_word' id='word_1_122' title='bbox 974 2810 1092 2910; x_wconf 90' lang='lat' dir='ltr'><strong>operi·</strong></span> 
     </span>
    </p>
   </div>
   <div class='ocr_carea' id='block_1_5' title="bbox 101 2941 1215 3048">
    <p class='ocr_par' dir='ltr' id='par_1_5' title="bbox 101 2941 1215 3048">
     <span class='ocr_line' id='line_1_20' title="bbox 101 2941 1215 3048; baseline -0.001 -27"><span class='ocrx_word' id='word_1_123' title='bbox 101 2947 171 3021; x_wconf 87' lang='lat' dir='ltr'><strong>bus</strong></span> <span class='ocrx_word' id='word_1_124' title='bbox 188 2945 343 3019; x_wconf 84' lang='lat' dir='ltr'><strong>classicis</strong></span> <span class='ocrx_word' id='word_1_125' title='bbox 351 2941 441 3021; x_wconf 71' lang='lat' dir='ltr'><strong>&#39;usus</strong></span> <span class='ocrx_word' id='word_1_126' title='bbox 454 2947 534 3043; x_wconf 91' lang='lat' dir='ltr'><strong>sim,</strong></span> <span class='ocrx_word' id='word_1_127' title='bbox 558 2973 638 3043; x_wconf 84' lang='lat' dir='ltr'><strong>orn,</strong></span> <span class='ocrx_word' id='word_1_128' title='bbox 652 2975 738 3022; x_wconf 90' lang='lat' dir='ltr'><strong>cum</strong></span> <span class='ocrx_word' id='word_1_129' title='bbox 757 2947 853 3021; x_wconf 91' lang='lat' dir='ltr'><strong>mihi</strong></span> <span class='ocrx_word' id='word_1_130' title='bbox 870 2947 1092 3048; x_wconf 89' lang='lat' dir='ltr'><strong>opusculum</strong></span> <span class='ocrx_word' id='word_1_131' title='bbox 1208 2951 1215 2963; x_wconf 86' lang='lat'><em>&#39;</em></span> 
     </span>
    </p>
   </div>
   <div class='ocr_carea' id='block_1_6' title="bbox 80 3079 1128 4130">
    <p class='ocr_par' dir='ltr' id='par_1_6' title="bbox 80 3079 1128 3728">
     <span class='ocr_line' id='line_1_21' title="bbox 101 3079 1094 3183; baseline -0.001 -29"><span class='ocrx_word' id='word_1_132' title='bbox 101 3079 273 3155; x_wconf 83' lang='lat' dir='ltr'><strong>scribenti</strong></span> <span class='ocrx_word' id='word_1_133' title='bbox 289 3080 337 3155; x_wconf 88' lang='lat' dir='ltr'><strong>ad</strong></span> <span class='ocrx_word' id='word_1_134' title='bbox 352 3081 501 3158; x_wconf 91' lang='lat' dir='ltr'><strong>nullum</strong></span> <span class='ocrx_word' id='word_1_135' title='bbox 515 3081 727 3158; x_wconf 80' lang='lat' dir='ltr'><strong>botanicum</strong></span> <span class='ocrx_word' id='word_1_136' title='bbox 736 3081 929 3183; x_wconf 90' lang='lat' dir='ltr'><strong>publicum</strong></span> <span class='ocrx_word' id='word_1_137' title='bbox 945 3108 1094 3182; x_wconf 78' lang='lat' dir='ltr'><strong>appara·</strong></span> 
     </span>
     <span class='ocr_line' id='line_1_22' title="bbox 102 3195 1128 3318; baseline -0.005 -26"><span class='ocrx_word' id='word_1_138' title='bbox 102 3237 184 3292; x_wconf 91' lang='lat' dir='ltr'><strong>tum</strong></span> <span class='ocrx_word' id='word_1_139' title='bbox 207 3215 329 3292; x_wconf 83' lang='lat' dir='ltr'><strong>aditus</strong></span> <span class='ocrx_word' id='word_1_140' title='bbox 354 3238 502 3318; x_wconf 87' lang='lat' dir='ltr'><strong>pateret.</strong></span> <span class='ocrx_word' id='word_1_141' title='bbox 557 3217 635 3293; x_wconf 88' lang='lat' dir='ltr'><strong>Nec</strong></span> <span class='ocrx_word' id='word_1_142' title='bbox 656 3238 835 3318; x_wconf 85' lang='lat' dir='ltr'><strong>exspectet</strong></span> <span class='ocrx_word' id='word_1_143' title='bbox 859 3215 1047 3318; x_wconf 77' lang='lat' dir='ltr'><strong>qvisqvnm</strong></span> <span class='ocrx_word' id='word_1_144' title='bbox 1072 3241 1094 3288; x_wconf 87' lang='lat' dir='ltr'><strong>a</strong></span> <span class='ocrx_word' id='word_1_145' title='bbox 1124 3195 1128 3205; x_wconf 42' lang='lat'><strong><em>¹</em></strong></span> 
     </span>
     <span class='ocr_line' id='line_1_23' title="bbox 104 3347 1096 3453; baseline 0.002 -29"><span class='ocrx_word' id='word_1_146' title='bbox 104 3349 224 3425; x_wconf 89' lang='lat' dir='ltr'><strong>tirone</strong></span> <span class='ocrx_word' id='word_1_147' title='bbox 242 3347 443 3451; x_wconf 82' lang='lat' dir='ltr'><strong>perfectum</strong></span> <span class='ocrx_word' id='word_1_148' title='bbox 462 3351 562 3453; x_wconf 85' lang='lat' dir='ltr'><strong>qvid,</strong></span> <span class='ocrx_word' id='word_1_149' title='bbox 588 3374 651 3427; x_wconf 89' lang='lat' dir='ltr'><strong>aut</strong></span> <span class='ocrx_word' id='word_1_150' title='bbox 673 3353 755 3448; x_wconf 83' lang='lat' dir='ltr'><strong>tale,</strong></span> <span class='ocrx_word' id='word_1_151' title='bbox 776 3349 876 3452; x_wconf 85' lang='lat' dir='ltr'><strong>qvod</strong></span> <span class='ocrx_word' id='word_1_152' title='bbox 894 3353 939 3424; x_wconf 80' lang='lat' dir='ltr'><strong>ab</strong></span> <span class='ocrx_word' id='word_1_153' title='bbox 957 3375 1013 3446; x_wconf 89' lang='lat' dir='ltr'><strong>eo,</strong></span> <span class='ocrx_word' id='word_1_154' title='bbox 1031 3349 1096 3452; x_wconf 88' lang='lat' dir='ltr'><strong>qvi</strong></span> 
     </span>
     <span class='ocr_line' id='line_1_24' title="bbox 104 3483 1097 3587; baseline 0.003 -29"><span class='ocrx_word' id='word_1_155' title='bbox 104 3483 144 3558; x_wconf 88' lang='lat' dir='ltr'><strong>in</strong></span> <span class='ocrx_word' id='word_1_156' title='bbox 168 3484 243 3560; x_wconf 90' lang='lat' dir='ltr'><strong>boc</strong></span> <span class='ocrx_word' id='word_1_157' title='bbox 264 3487 388 3563; x_wconf 88' lang='lat' dir='ltr'><strong>studio</strong></span> <span class='ocrx_word' id='word_1_158' title='bbox 413 3514 521 3563; x_wconf 87' lang='lat' dir='ltr'><strong>omne</strong></span> <span class='ocrx_word' id='word_1_159' title='bbox 546 3508 688 3587; x_wconf 89' lang='lat' dir='ltr'><strong>tempus</strong></span> <span class='ocrx_word' id='word_1_160' title='bbox 702 3486 738 3564; x_wconf 77' lang='lat' dir='ltr'><strong>dt</strong></span> <span class='ocrx_word' id='word_1_161' title='bbox 752 3513 876 3564; x_wconf 87' lang='lat' dir='ltr'><strong>omnes</strong></span> <span class='ocrx_word' id='word_1_162' title='bbox 898 3485 992 3561; x_wconf 89' lang='lat' dir='ltr'><strong>vires</strong></span> <span class='ocrx_word' id='word_1_163' title='bbox 1011 3514 1097 3561; x_wconf 82' lang='lat' dir='ltr'><strong>con·</strong></span> 
     </span>
     <span class='ocr_line' id='line_1_25' title="bbox 80 3620 537 3728; baseline 0.013 -37"><span class='ocrx_word' id='word_1_164' title='bbox 80 3656 83 3662; x_wconf 94' lang='lat'>·</span> <span class='ocrx_word' id='word_1_165' title='bbox 103 3620 285 3715; x_wconf 81' lang='lat' dir='ltr'><strong>sumserit,</strong></span> <span class='ocrx_word' id='word_1_166' title='bbox 301 3623 399 3728; x_wconf 81' lang='lat' dir='ltr'><strong>exigi</strong></span> <span class='ocrx_word' id='word_1_167' title='bbox 414 3623 537 3724; x_wconf 82' lang='lat' dir='ltr'><strong>possit.</strong></span> 
     </span>
    </p>

    <p class='ocr_par' dir='ltr' id='par_1_7' title="bbox 102 3752 1105 4130">
     <span class='ocr_line' id='line_1_26' title="bbox 204 3752 1099 3832; baseline 0.004 -7"><span class='ocrx_word' id='word_1_168' title='bbox 204 3752 376 3832; x_wconf 83' lang='lat' dir='ltr'><strong>Vidcbor</strong></span> <span class='ocrx_word' id='word_1_169' title='bbox 388 3760 538 3832; x_wconf 87' lang='lat' dir='ltr'><strong>fortasse</strong></span> <span class='ocrx_word' id='word_1_170' title='bbox 556 3756 682 3832; x_wconf 88' lang='lat' dir='ltr'><strong>multis</strong></span> <span class='ocrx_word' id='word_1_171' title='bbox 698 3755 736 3832; x_wconf 91' lang='lat' dir='ltr'><strong>in</strong></span> <span class='ocrx_word' id='word_1_172' title='bbox 751 3753 1013 3832; x_wconf 88' lang='lat' dir='ltr'><strong>mutationibus</strong></span> <span class='ocrx_word' id='word_1_173' title='bbox 1023 3783 1099 3830; x_wconf 59' lang='lat' dir='ltr'><strong>sus*</strong></span> 
     </span>
     <span class='ocr_line' id='line_1_27' title="bbox 103 3886 1103 3992; baseline 0 -30"><span class='ocrx_word' id='word_1_174' title='bbox 103 3886 284 3988; x_wconf 86' lang='lat' dir='ltr'><strong>cipiendis</strong></span> <span class='ocrx_word' id='word_1_175' title='bbox 308 3889 486 3966; x_wconf 80' lang='lat' dir='ltr'><strong>audacior</strong></span> <span class='ocrx_word' id='word_1_176' title='bbox 512 3893 633 3990; x_wconf 81' lang='lat' dir='ltr'><strong>fuisse,</strong></span> <span class='ocrx_word' id='word_1_177' title='bbox 664 3889 832 3992; x_wconf 84' lang='lat' dir='ltr'><strong>inprimis</strong></span> <span class='ocrx_word' id='word_1_178' title='bbox 851 3887 953 3992; x_wconf 75' lang='lat' dir='ltr'><strong>qvod</strong></span> <span class='ocrx_word' id='word_1_179' title='bbox 980 3887 1028 3968; x_wconf 84' lang='lat' dir='ltr'><strong>ad</strong></span> <span class='ocrx_word' id='word_1_180' title='bbox 1040 3888 1103 3964; x_wconf 88' lang='lat' dir='ltr'><strong>Li·</strong></span> 
     </span>
     <span class='ocr_line' id='line_1_28' title="bbox 105 4019 1105 4130; baseline 0 -32"><span class='ocrx_word' id='word_1_181' title='bbox 105 4019 241 4099; x_wconf 82' lang='lat' dir='ltr'><strong>cherres</strong></span> <span class='ocrx_word' id='word_1_182' title='bbox 259 4023 396 4122; x_wconf 83' lang='lat' dir='ltr'><strong>attinet,</strong></span> <span class='ocrx_word' id='word_1_183' title='bbox 412 4022 502 4102; x_wconf 85' lang='lat' dir='ltr'><strong>dum</strong></span> <span class='ocrx_word' id='word_1_184' title='bbox 522 4025 646 4129; x_wconf 80' lang='lat' dir='ltr'><strong>plu-res</strong></span> <span class='ocrx_word' id='word_1_185' title='bbox 657 4026 794 4130; x_wconf 84' lang='lat' dir='ltr'><strong>species</strong></span> <span class='ocrx_word' id='word_1_186' title='bbox 809 4027 855 4103; x_wconf 89' lang='lat' dir='ltr'><strong>ab</strong></span> <span class='ocrx_word' id='word_1_187' title='bbox 866 4023 1105 4129; x_wconf 76' lang='lat' dir='ltr'><strong>inclytisnuc·</strong></span> 
     </span>
    </p>
   </div>
   <div class='ocr_carea' id='block_1_7' title="bbox 0 0 1336 4602">
    <p class='ocr_par' dir='ltr' id='par_1_8' title="bbox 0 0 1336 4602">
     <span class='ocr_line' id='line_1_29' title="bbox 0 0 1336 4602; baseline 0 0"><span class='ocrx_word' id='word_1_188' title='bbox 0 0 1336 4602; x_wconf 95' lang='lat' dir='ltr'><strong> </strong></span> 
     </span>
    </p>
   </div>
  </div>
 </body>
</html>
